[gd_scene load_steps=12 format=2]

[ext_resource path="res://Assets/Nodes/Scrolling_Platform.gd" type="Script" id=1]
[ext_resource path="res://Assets/Sprites/platform_small.png" type="Texture" id=2]

[sub_resource type="ConvexPolygonShape2D" id=3]

custom_solver_bias = 0.0
points = PoolVector2Array( -11, -4, 10, -4, 10, -3, -11, -3 )

[sub_resource type="Animation" id=2]

resource_name = "slide_down"
length = 6.0
loop = true
step = 1.0
tracks/0/type = "value"
tracks/0/path = NodePath(".:position")
tracks/0/interp = 1
tracks/0/imported = false
tracks/0/keys = {
"times": PoolRealArray( 0, 2, 3, 5 ),
"transitions": PoolRealArray( 1, 1, 1, 1 ),
"update": 0,
"values": [ Vector2( 0, 0 ), Vector2( 0, 100 ), Vector2( 0, 100 ), Vector2( 0, 0 ) ]
}

[sub_resource type="ConvexPolygonShape2D" id=4]

custom_solver_bias = 0.0
points = PoolVector2Array( -22, 8, -22, -6, -20, -6, -20, 6 )

[sub_resource type="ConvexPolygonShape2D" id=5]

custom_solver_bias = 0.0
points = PoolVector2Array( 20, 8, -22, 8, -20, 6, 18, 6 )

[sub_resource type="ConvexPolygonShape2D" id=6]

custom_solver_bias = 0.0
points = PoolVector2Array( 20, -6, 20, 8, 18, 6, 18, -6 )

[node name="Scrolling_Platform" type="Node2D"]

script = ExtResource( 1 )

[node name="KinematicBody2D" type="KinematicBody2D" parent="."]

input_pickable = false
shapes/0/shape = SubResource( 3 )
shapes/0/transform = Transform2D( 2, 0, 0, 2, 0, 0 )
shapes/0/trigger = false
collision_layer = 1
collision_mask = 1
collision/margin = 0.08
__meta__ = {
"_edit_lock_": true
}

[node name="Sprite" type="Sprite" parent="KinematicBody2D"]

scale = Vector2( 2, 2 )
texture = ExtResource( 2 )

[node name="CollisionShapeTop" type="CollisionShape2D" parent="KinematicBody2D"]

scale = Vector2( 2, 2 )
shape = SubResource( 3 )
trigger = false
_update_shape_index = 0

[node name="AnimationPlayer" type="AnimationPlayer" parent="KinematicBody2D"]

playback_process_mode = 1
playback_default_blend_time = 0.0
root_node = NodePath("..")
anims/slide_down = SubResource( 2 )
playback/active = true
playback/speed = 1.0
blend_times = [  ]
autoplay = "slide_down"

[node name="Area2D" type="Area2D" parent="KinematicBody2D"]

input_pickable = true
shapes/0/shape = SubResource( 4 )
shapes/0/transform = Transform2D( 1, 0, 0, 1, 0, 0 )
shapes/0/trigger = false
shapes/1/shape = SubResource( 5 )
shapes/1/transform = Transform2D( 1, 0, 0, 1, 0, 0 )
shapes/1/trigger = false
shapes/2/shape = SubResource( 6 )
shapes/2/transform = Transform2D( 1, 0, 0, 1, 0, 0 )
shapes/2/trigger = false
gravity_vec = Vector2( 0, 1 )
gravity = 98.0
linear_damp = 0.1
angular_damp = 1.0

[node name="CollisionPolygon2D" type="CollisionPolygon2D" parent="KinematicBody2D/Area2D"]

build_mode = 0
polygon = PoolVector2Array( -22, -6, -20, -6, -20, 6, 18, 6, 18, -6, 20, -6, 20, 8, -22, 8 )
shape_range = Vector2( 0, 2 )
trigger = false

[connection signal="body_entered"  from="KinematicBody2D/Area2D"  to="." method="_on_Area2D_body_enter" binds=[  ]]
